@ARTICLE {einshams,
    author  = "W. Medhat, A. Hassan, H. Korashy",
    title   = "Sentiment analysis algorithms and applications: A survey.",
    journal = "Ain Shams Engineering Journal",
    year    = "2014",
    volume  = "5",
    number  = "4",
    pages   = "1093–1113"
}
@ARTICLE {explainW2V,
    author  = "Goldberg, Yoav; Levy, Omer",
    title   = "word2vec Explained: Deriving Mikolov et al.'s Negative-Sampling Word-Embedding Method",
    journal = "arXiv:1402.3722",
    year    = "2014"
}
@ARTICLE {efficentw2v,
    author  = {{Tomas Mikolov} {Kai Chen} {Greg Corrado} {Jeffrey Dean}},
    title   = "Efficient estimation of word representations in vector space.",
    journal = "CoRR, abs/1301.3781",
    year    = "2013"
}
@PHDTHESIS {Graves2012,
    author = "Alex Graves",
    title  = "Supervised Sequence Labelling with Recurrent Neural Networks",
    school = "Technische Universit¨at M¨unchen",
    year   = "2012"
}
@misc {UnreasonableRNN,
    author = "Andrej Karpathy",
    title  = "The Unreasonable Effectiveness of Recurrent Neural Networks",
    year   = "2015",
    url    = "\url{http://karpathy.github.io/2015/05/21/rnn-effectiveness/}"
}

@ARTICLE {enrichWordvecs-with-subwords,
    author  = "Bojanowski, Piotr and Grave, Edouard and Joulin, Armand and Mikolov, Tomas",
    title   = "Enriching Word Vectors with Subword Information",
    journal = "arXiv preprint arXiv:1607.04606",
    year    = "2016"
}
@ARTICLE {Bag-of-Tricks,
    author  = "Joulin, Armand and Grave, Edouard and Bojanowski, Piotr and Mikolov, Tomas",
    title   = "Bag of Tricks for Efficient Text Classification",
    journal = "arXiv preprint arXiv:1607.01759",
    year    = "2016"
}
@MISC {tensorflow2015-whitepaper,
    author = "Mart\'{\i}n~Abadi and    Ashish~Agarwal and    Paul~Barham and    Eugene~Brevdo and    Zhifeng~Chen and    Craig~Citro and    Greg~S.~Corrado and    Andy~Davis and    Jeffrey~Dean and    Matthieu~Devin and    Sanjay~Ghemawat and    Ian~Goodfellow and    Andrew~Harp and    Geoffrey~Irving and    Michael~Isard and    Yangqing Jia and    Rafal~Jozefowicz and    Lukasz~Kaiser and    Manjunath~Kudlur and    Josh~Levenberg and    Dan~Man\'{e} and    Rajat~Monga and    Sherry~Moore and    Derek~Murray and    Chris~Olah and    Mike~Schuster and    Jonathon~Shlens and    Benoit~Steiner and    Ilya~Sutskever and    Kunal~Talwar and    Paul~Tucker and    Vincent~Vanhoucke and    Vijay~Vasudevan and    Fernanda~Vi\'{e}gas and    Oriol~Vinyals and    Pete~Warden and    Martin~Wattenberg and    Martin~Wicke and    Yuan~Yu and    Xiaoqiang~Zheng",
    title  = "{TensorFlow}: Large-Scale Machine Learning on Heterogeneous Systems",
    year   = "2015",
    note   = "Software available from tensorflow.org",
    url    = "http://tensorflow.org/"
}
@MISC {tflearn2016,
    author       = "Aymeric Damien and others",
    title        = "TFLearn",
    url          = "https://github.com/tflearn/tflearn",
    year         = "2016",
    publisher    = "GitHub"
}
@ARTICLE {scikit-learn,
    author  = "Pedregosa, F. and Varoquaux, G. and Gramfort, A. and Michel, V.         and Thirion, B. and Grisel, O. and Blondel, M. and Prettenhofer, P.         and Weiss, R. and Dubourg, V. and Vanderplas, J. and Passos, A. and         Cournapeau, D. and Brucher, M. and Perrot, M. and Duchesnay, E.",
    title   = "Scikit-learn: Machine Learning in {P}ython",
    journal = "Journal of Machine Learning Research",
    year    = "2011",
    volume  = "12",
    pages   = "2825--2830"
}
@BOOK {NLTK,
    author    = "Bird, Steven, Edward Loper and Ewan Klein",
    title     = "Natural Language Processing with Python.",
    publisher = "O'Reilly Media Inc.",
    year      = "2009"
}
@INPROCEEDINGS {naiveBayes,
    author               = "Zhang, Harry",
    title                = "{The Optimality of Naive Bayes.}",
    booktitle            = "FLAIRS Conference",
    year                 = "2004",
    editor               = "Barr, Valerie and Markov, Zdravko",
    publisher            = "AAAI Press",
    citeulike-article-id = "370404",
    citeulike-linkout-0  = "http://www.cs.unb.ca/profs/hzhang/publications/FLAIRS04ZhangH.pdf",
    keywords             = "bayesian, naive-bayes",
    posted-at            = "2005-10-30 18:16:22",
    priority             = "4",
    url                  = "http://www.cs.unb.ca/profs/hzhang/publications/FLAIRS04ZhangH.pdf"
}
@INPROCEEDINGS {crosslinguistic-dataset,
    author    = "Peter Prettenhofer and Benno Stein",
    title     = "{Cross-Language Text Classification using Structural Correspondence Learning}",
    booktitle = "48th Annual Meeting of the Association of Computational Linguistics (ACL 10)",
    year      = "2010",
    pages     = "1118-1127",
    month     = "jul",
    publisher = "Association for Computational Linguistics",
    site      = "Uppsala, Sweden",
    url       = "http://www.aclweb.org/anthology/P10-1114"
}
@INPROCEEDINGS {imdbdataset,
    author    = "Maas, Andrew L.  and  Daly, Raymond E.  and  Pham, Peter T.  and  Huang, Dan  and  Ng, Andrew Y.  and  Potts, Christopher",
    title     = "Learning Word Vectors for Sentiment Analysis",
    booktitle = "Proceedings of the 49th Annual Meeting of the Association for Computational Linguistics: Human Language Technologies",
    year      = "2011",
    pages     = "142--150",
    address   = "Portland, Oregon, USA",
    month     = "June",
    publisher = "Association for Computational Linguistics",
    url       = "http://www.aclweb.org/anthology/P11-1015"
}
@INPROCEEDINGS {gensim,
    author    = "Radim {\v R}eh{\r u}{\v r}ek and Petr Sojka",
    title     = "{Software Framework for Topic Modelling with Large Corpora}",
    booktitle = "{Proceedings of the LREC 2010 Workshop on New Challenges for NLP Frameworks}",
    year      = "2010",
    pages     = "45--50",
    address   = "Valletta, Malta",
    month     = "May",
    publisher = "ELRA",
    url       = "http://is.muni.cz/publication/884893/en",
    day       = "22",
    language  = "English"
}